@misc{lecturenotes2024,
    author = {Kenzie, Matt},
    title = {Statistical Methods for Data Intensive Science},
    year = {2024},
    institution = {University of Cambridge},
    note = {Michaelmas Term lecture notes}
}

@misc{sweights2020,
    author = {Moritz, Sebastian},
    title = {sWeights and their application in particle physics},
    year = {2020},
    howpublished = {Talk presented at CERN},
    note = {CERN Indico event 940874},
    url = {https://indico.cern.ch/event/940874/contributions/3953530/}
}

@misc{sweights_docs,
    author = {Kenzie, Matt}, 
    title = {Tutorial - {sWeights} Documentation},
    
    howpublished = {\url{https://sweights.readthedocs.io/en/latest/tutorial.html}},
    note = {Accessed: 2024-12-11}
}